@Book{Goodfellow-et-al-2016,
    title={Deep Learning},
    author={Ian Goodfellow and Yoshua Bengio and Aaron Courville},
    publisher={MIT Press},
    note={\url{http://www.deeplearningbook.org}},
    year={2016}
}

@Book{Geron,
    title={Hands-On Machine Learning with Scikit-Learn \& TensorFlow},
    author={Aurélien Géron},
    publisher={Cambridge},
    year={2017}
}

@Misc{Madgraph,
	author = {???},
	title = {\textsc{MadGraph5}},
	url = {https://cp3.irmp.ucl.ac.be/projects/madgraph/}
}
